<record><leader>00000cas a22000007a 4500</leader><controlfield tag="001">11610724</controlfield><controlfield tag="008">850123d18591860wiudr ne      0    0eng d</controlfield><datafield ind1=" " ind2=" " tag="010"><subfield code="a">sn 85040033 </subfield></datafield><datafield ind1=" " ind2=" " tag="040"><subfield code="a">NPV</subfield><subfield code="b">eng</subfield><subfield code="c">NPV</subfield><subfield code="d">OCL</subfield><subfield code="d">OCLCQ</subfield></datafield><datafield ind1=" " ind2=" " tag="042"><subfield code="a">msc</subfield></datafield><datafield ind1=" " ind2=" " tag="043"><subfield code="a">n-us-wi</subfield></datafield><datafield ind1=" " ind2=" " tag="045"><subfield code="a">w5w6</subfield></datafield><datafield ind1=" " ind2=" " tag="052"><subfield code="a">4123</subfield><subfield code="b">L2</subfield></datafield><datafield ind1="0" ind2="0" tag="245"><subfield code="a">Daily union and Democrat.</subfield></datafield><datafield ind1="1" ind2="7" tag="246"><subfield code="a">Union and Democrat</subfield></datafield><datafield ind1=" " ind2=" " tag="260"><subfield code="a">La Crosse, Wis. :</subfield><subfield code="b">[s.n.],</subfield><subfield code="c">1859-</subfield></datafield><datafield ind1=" " ind2=" " tag="300"><subfield code="a">v. :</subfield><subfield code="b">ill. (chiefly advertisements)</subfield></datafield><datafield ind1=" " ind2=" " tag="310"><subfield code="a">Daily</subfield></datafield><datafield ind1="0" ind2=" " tag="362"><subfield code="a">Vol. 1, no. 26 (Nov. 16, 1859)-</subfield></datafield><datafield ind1="1" ind2=" " tag="362"><subfield code="a">Ceased with June 5, 1860 issue?</subfield></datafield><datafield ind1=" " ind2=" " tag="500"><subfield code="a">Editor: F.A. Moore, A.P. Swineford, Nov. 16, 1859-&lt;May 1, 1860&gt;.--M.M. Pomeroy, A.P. Swineford, F.A. Moore, &lt;May 3&gt;-May 25, 1860.--M.M. Pomeroy, F.A. Moore, May 25, 1860-</subfield></datafield><datafield ind1=" " ind2=" " tag="515"><subfield code="a">Continues numbering of La Crosse daily union.</subfield></datafield><datafield ind1=" " ind2=" " tag="530"><subfield code="a">Available on microfilm from The State Historical Society of Wisconsin.</subfield></datafield><datafield ind1=" " ind2=" " tag="752"><subfield code="a">United States</subfield><subfield code="b">Wisconsin</subfield><subfield code="c">La Crosse</subfield><subfield code="d">La Crosse.</subfield></datafield><datafield ind1="0" ind2="4" tag="780"><subfield code="t">Crosse daily union</subfield><subfield code="w">(DLC)sn 85040032</subfield></datafield><datafield ind1="0" ind2="4" tag="780"><subfield code="t">Crosse national Democrat</subfield><subfield code="w">(DLC)sn 85040031</subfield></datafield><datafield ind1="0" ind2="0" tag="785"><subfield code="t">Crosse tri-weekly union and Democrat</subfield><subfield code="w">(DLC)sn 85040034</subfield></datafield><datafield ind1="1" ind2=" " tag="029"><subfield code="a">AU@</subfield><subfield code="b">000025796103</subfield></datafield></record>